@book{Abramowitz1972,
	title	= {Handbook of mathematical functions: with formulas, graphs, and mathematical tables},
	author	= {Abramowitz, M. and Stegun, I. A.},
	year	= {1964},
	publisher	= {Dover Publications}
}

@book{Lebedev1972,
	title	= {Special Functions and Their Applications},
	author	= {Lebedev, N. N.},
	year	= {1972},
	publisher	= {Dover Publications}
}

@book{Bateman1954, place={New York}, title={Tables of Integral Transforms}, ISBN={9780070195493}, note={Funding by Office of Naval Research}, publisher={McGraw-Hill Book Company}, author={Bateman, H. and Bateman Manuscript Project}, year={1954} }

@misc{NIST:DLMF,
         key = "{\relax DLMF}",
       title = "{\it NIST Digital Library of Mathematical Functions}",
howpublished = "http://dlmf.nist.gov/, Release 1.0.14 of 2016-12-21",
         url = "http://dlmf.nist.gov/",
        note = "F.~W.~J. Olver, A.~B. {Olde Daalhuis}, D.~W. Lozier, B.~I. Schneider,
                R.~F. Boisvert, C.~W. Clark, B.~R. Miller and B.~V. Saunders, eds."}

@book{gradshteyn2007,
  author = {Gradshteyn, I. S. and Ryzhik, I. M.},
  edition = {Seventh},
  pages = {xlviii+1171},
  publisher = {Elsevier/Academic Press, Amsterdam},
  timestamp = {2011-05-02T05:41:34.000+0200},
  title = {Table of integrals, series, and products},
  year = 2007
}


@article{Segura2023,
title = {{Simple bounds with best possible accuracy for ratios of modified Bessel functions}},
journal = {Journal of Mathematical Analysis and Applications},
volume = {526},
number = {1},
pages = {127211},
year = {2023},
issn = {0022-247X},
doi = {https://doi.org/10.1016/j.jmaa.2023.127211},
url = {https://www.sciencedirect.com/science/article/pii/S0022247X23002147},
author = {Segura, J.},
}

@article{Wendel1948,
  title={{Note on the Gamma Function}},
  author={Wendel, J. G.},
  journal={American Mathematical Monthly},
  year={1948},
  volume={55},
  pages={563},
  url={https://api.semanticscholar.org/CorpusID:124319579}
}

@article{Gaunt2016,
  title={{ Uniform bounds for expressions involving modified Bessel functions}},
  author={Gaunt, R. E.},
  journal={Math. Inequal. Appl.},
  year={2016},
  volume={19},
  pages={1003--1012},
  url={https://api.semanticscholar.org/CorpusID:124319579}
}

@article{Luke1972,
title = {Inequalities for generalized hypergeometric functions},
journal = {Journal of Approximation Theory},
volume = {5},
number = {1},
pages = {41-65},
year = {1972},
issn = {0021-9045},
doi = {https://doi.org/10.1016/0021-9045(72)90028-7},
url = {https://www.sciencedirect.com/science/article/pii/0021904572900287},
author = {Luke, Y. L.},
}

@book{Olver1997,
    author = {Olver, F. W. J.},
     title = {Asymptotics and Special Functions},
 publisher = {A. K. Peters},
   address = {Wellesley, MA},
      year = {1997},
     pages = {xviii+572},
      note = {Reprint, with corrections, of original Academic Press edition, 1974},
      isbn = {1-56881-069-5},
   mrclass = {41-02 (33Cxx 41A60 65D20)},
  mrnumber = {MR1429619 (97i:41001)},
     zblno = {0982.41018}}
     
@article{Chiccoli1987,
    author = {Chiccoli, C. and Lorenzutta, S. and Maino, G.},
     title = {A numerical method for generalized exponential integrals},
   journal = {Comput. Math. Appl.},
  fjournal = {Computers \& Mathematics with Applications. An International
              Journal},
    volume = {14},
      year = {1987},
    number = {4},
     pages = {261--268},
      issn = {0898-1221},
     coden = {CMAPDK},
   mrclass = {65D20 (33A10)},
  mrnumber = {MR0907753 (88j:65043)},
 mrreviewer = {R. P. Boas},
     zblno = {0633.65016}}

@article{Chiccoli1988,
    author = {Chiccoli, C. and Lorenzutta, S. and Maino, G.},
     title = {On the evaluation of generalized exponential integrals ${E}_{\nu}(x)$},
   journal = {J. Comput. Phys.},
  fjournal = {Journal of Computational Physics},
    volume = {78},
      year = {1988},
    number = {2},
     pages = {278--287},
      issn = {0021-9991},
     coden = {JCTPAH},
   mrclass = {65D20 (33A70)},
  mrnumber = {MR0965657 (89h:65030)},
       doi = {10.1016/0021-9991(88)90050-2},
     zblno = {0653.65015}}
     
@article{Chiccoli1990a,
    author = {Chiccoli, C. and Lorenzutta, S. and Maino, G.},
     title = {An algorithm for exponential integrals of real order},
   journal = {Computing},
  fjournal = {Computing. Archives for Scientific Computing},
    volume = {45},
      year = {1990},
    number = {3},
     pages = {269--276},
      issn = {0010-485X},
     coden = {CMPTA2},
   mrclass = {65D15},
  mrnumber = {MR1080796 (91i:65030)},
       doi = {10.1007/BF02250638},
     zblno = {0725.65021}}
     
@article{Chiccoli1990b,
    author = {Chiccoli, C. and Lorenzutta, S. and Maino, G.},
    title = "Recent results for generalized exponential integrals",
    journal = {Comput. Math. Appl.},
    volume = "19",
    number = "5",
	pages = {21--29},
	year = "1990",
	note = "",
	issn = "0898-1221",
	doi = "http://dx.doi.org/10.1016/0898-1221(90)90098-5",
	url = "http://www.sciencedirect.com/science/article/pii/0898122190900985",
}

@article{Chiccoli1992,
    author = {Chiccoli, C. and Lorenzutta, S. and Maino, G.},
	title = "Concerning some integrals of the generalized exponential-integral function",
    journal = {Comput. Math. Appl.},
	volume = "23",
	number = "11",
	pages = {13--21},
	year = "1992",
	note = "",
	issn = "0898-1221",
	doi = "http://dx.doi.org/10.1016/0898-1221(92)90065-P",
	url = "http://www.sciencedirect.com/science/article/pii/089812219290065P",
}

@article{Altac1996,
    author = {Z. Alta{\c{c}}},
     title = {Integrals involving {B}ickley and {B}essel functions in
              radiative transfer, and generalized exponential integral functions},
 publisher = {ASME},
      year = {1996},
   journal = {J. Heat Transfer},
    volume = {118},
    number = {3},
     pages = {789--792},
       doi = {10.1115/1.2822701}}

@misc{BoostLibrary,
    author = "Boost",
    year   = 2025,
    title  = "{Boost C++ Libraries}",
    howpublished = "\url{http://www.boost.org/}"
}

@book{Chandrasekhar1960,
  title={Radiative Transfer},
  author={Chandrasekhar, S.},
  isbn={9780486605906},
  lccn={60003117},
  series={Dover Books on Intermediate and Advanced Mathematics},
  url={https://books.google.es/books?id=CK3HDRwCT5YC},
  year={1960},
  publisher={Dover Publications}
}

@article{Borwein2008,
  author    = {Borwein, D. and Borwein, J. M. and Crandall, R. E.},
  title     = {Effective Laguerre Asymptotics},
  journal   = {{SIAM} J. Numerical Analysis},
  volume    = {46},
  number    = {6},
  pages     = {3285--3312},
  year      = {2008},
  url       = {http://dx.doi.org/10.1137/07068031X},
  doi       = {10.1137/07068031X},
  timestamp = {Tue, 22 Mar 2011 12:50:26 +0100},
  biburl    = {http://dblp.uni-trier.de/rec/bib/journals/siamnum/BorweinBC08},
  bibsource = {dblp computer science bibliography, http://dblp.org}
}

@article{Borwein2008b,
author = {Borwein, D. and Borwein, J. M. and Chan, O.},
title = {The evaluation of Bessel functions via exp-arc integrals},
journal = {Journal of Mathematical Analysis and Applications},
volume = {341},
number = {1},
pages = {478--500},
year = {2008},
issn = "0022-247X",
doi = "http://dx.doi.org/10.1016/j.jmaa.2007.10.003",
url = "http://www.sciencedirect.com/science/article/pii/S0022247X07012346",
}

@article{Crandall2012,
author={Crandall, R. E.},
title={Unified algorithms for polylogarithms, ${L}$-series, and zeta variants},
year={2012},
}

@article{Cody1969,
    author = {Cody, W. J. and Thacher, Jr., H. C.},
     title = {{C}hebyshev approximations for the exponential integral {$Ei(x)$}},
   journal = {Math. Comp.},
    volume = {23},
      year = {1969},
    number = {106},
     pages = {289--303},
   mrclass = {65.25},
  mrnumber = {MR0242349 (39 \#3680)},
     links = {\url[FullText]{http://links.jstor.org/sici?sici=0025-5718%28196904%2923%3A106%3C289%3ACAFTEI%3E2.0.CO%3B2-D}},
     zblno = {0176.13902}}

@article{Cohen2000,
	author = {Cohen, H. and Rodriguez Villegas, F. and Zagier, D.},
	fjournal = "Experimental Mathematics",
	journal = "Experiment. Math.",
	number = "1",
	pages = {3--12},
	publisher = "A K Peters, Ltd.",
	title = "Convergence acceleration of alternating series",
	url = "http://projecteuclid.org/euclid.em/1046889587",
	volume = "9",
	year = "2000"
}

@book{Cuyt2007,
    author = {Cuyt, A. and Petersen, V. and Verdonk, B. and Waadeland, H.
              and Jones, W. B. and Bonan-Hamada, C.},
     title = {Handbook of Continued Fractions for Special Functions},
 publisher = {Kluwer Academic Publishers Group},
   address = {Dordrecht},
      year = {2007}}

@article{Dekker1971,
 author = {Dekker, T. J.},
 title = {A Floating-point Technique for Extending the Available Precision},
 journal = {Numer. Math.},
 volume = {18},
 number = {3},
 year = {1971},
 issn = {0029-599X},
 pages = {224--242},
 numpages = {19},
 url = {http://dx.doi.org/10.1007/BF01397083},
 doi = {10.1007/BF01397083},
 acmid = {2717032},
 publisher = {Springer-Verlag New York, Inc.},
 address = {Secaucus, NJ, USA},
} 

@article{Dolan2002,
author="Dolan, E. D.
and Mor{\'e}, J. J.",
title="Benchmarking optimization software with performance profiles",
journal="Mathematical Programming",
year="2002",
volume="91",
number="2",
pages="201--213",
issn="1436-4646",
doi="10.1007/s101070100263",
url="http://dx.doi.org/10.1007/s101070100263"
}

@article{Gautschi1959,
    author = {Gautschi, W.},
     title = {Exponential integral $\int_{1}^{\infty}e^{-xt} t^{-n}dt$ for large values of $n$},
   journal = {J. Res. Nat. Bur. Standards},
    volume = {62},
      year = {1959},
     pages = {123--125},
   mrclass = {65.00 (33.00)},
  mrnumber = {MR0104347 (21 \#3102)},
 mrreviewer = {W. Wasow},
     zblno = {0118.32604}
}

@book{Knuth1997,
 author = {Knuth, D. E.},
 title = {The Art of Computer Programming, Volume 2 (3rd Ed.): Seminumerical Algorithms},
 year = {1997},
 isbn = {0-201-89684-2},
 publisher = {Addison-Wesley Longman Publishing Co., Inc.},
 address = {Boston, MA, USA},
} 

@book{GSL,
 author = {Galassi and others},
    day = {01},
    howpublished = {Paperback},
    isbn = {0954161734},
    keywords = {numerical\_recipes},
    posted-at = {2008-04-04 09:38:42},
    priority = {2},
    publisher = {Network Theory Ltd.},
    title = {{Gnu Scientific Library: Reference Manual (3rd Ed.)}},
    url = {http://www.amazon.com/exec/obidos/redirect?tag=citeulike07-20\&path=ASIN/0954161734},
    year = {2003}
}

@article{ROOT,
	author = {Brun, R. and et al.},
	title = {{ROOT - An Object Oriented Data Analysis Framework}},
	journal = {Proceedings AIHENP'96 Workshop},
	year = {1996}
}

Rene Brun, et al. Root-project/root: V6.18/02. v6-18-02, Zenodo, 23 de agosto de 2019, doi:10.5281/zenodo.3895860.

@article{Temme1990c,
author = {Temme, N. M.},
title = {Uniform Asymptotic Expansions of a Class of Integrals in Terms of Modified Bessel Functions, with Application to Confluent Hypergeometric Functions},
journal = {SIAM Journal on Mathematical Analysis},
volume = {21},
number = {1},
pages = {241-261},
year = {1990},
doi = {10.1137/0521013},
}


@article{Gil2016,
 author = {Gil, A. and Ruiz-Antol\'{\i}n, D. and Segura, J. and Temme, N. M.},
 title = {Algorithm 969: Computation of the Incomplete Gamma Function for Negative Values of the Argument},
 journal = {ACM Trans. Math. Softw.},
 issue_date = {January 2017},
 volume = {43},
 number = {3},
 month = nov,
 year = {2016},
 issn = {0098-3500},
 pages = {26:1--26:9},
 articleno = {26},
 numpages = {9},
 url = {http://doi.acm.org/10.1145/2972951},
 doi = {10.1145/2972951},
 acmid = {2972951},
 publisher = {ACM},
 address = {New York, NY, USA},
 keywords = {Incomplete gamma function, asymptotic expansions, recurrence relations},
} 

@article{Gil2012,
  author    = {Gil, A. and Segura, J. and Temme, N. M.},
  title     = {Efficient and Accurate Algorithms for the Computation and Inversion
               of the Incomplete Gamma Function Ratios},
  journal   = {{SIAM} J. Scientific Computing},
  volume    = {34},
  number    = {6},
  year      = {2012},
  url       = {http://dx.doi.org/10.1137/120872553},
  doi       = {10.1137/120872553},
  timestamp = {Tue, 15 Jan 2013 18:06:12 +0100},
  biburl    = {http://dblp.uni-trier.de/rec/bib/journals/siamsc/GilST12},
  bibsource = {dblp computer science bibliography, http://dblp.org}
}

@book{Gil2007,
  author    = {Gil, A. and Segura, J. and Temme, N. M.},
  title     = {Numerical methods for special functions},
  publisher = {{SIAM}},
  year      = {2007},
  url       = {http://dx.doi.org/10.1137/1.9780898717822},
  doi       = {10.1137/1.9780898717822},
  isbn      = {978-0-89871-634-4},
  timestamp = {Thu, 28 Apr 2016 16:25:40 +0200},
  biburl    = {http://dblp.uni-trier.de/rec/bib/books/daglib/0020196},
  bibsource = {dblp computer science bibliography, http://dblp.org}
}

@book{Henrici1977,
    author = {Henrici, P.},
     title = {Applied and Computational Complex Analysis. {V}ol. 2:
              Special Functions—Integral Transforms—Asymptotics—Continued
              Fractions},
      note = {Reprinted in 1991.},
 publisher = {Wiley-Interscience [John Wiley \& Sons]},
   address = {New York},
      year = {1977},
     pages = {ix+662},
      isbn = {0-471-01525-3},
   mrclass = {30-02 (33-02 44A10)},
  mrnumber = {MR0453984 (56 \#12235)},
 mrreviewer = {A. E. Heins},
     zblno = {0363.30001}}

@article{Johansson2014,
 author = {Johansson, F.},
 title = {Arb: A C Library for Ball Arithmetic},
 journal = {ACM Commun. Comput. Algebra},
 issue_date = {September/December 2013},
 volume = {47},
 number = {3/4},
 year = {2014},
 issn = {1932-2240},
 pages = {166--169},
 numpages = {4},
 url = {http://doi.acm.org/10.1145/2576802.2576828},
 doi = {10.1145/2576802.2576828},
 acmid = {2576828},
 publisher = {ACM},
 address = {New York, NY, USA},
} 

@unpublished{Johansson2016,
  TITLE = {{Computing hypergeometric functions rigorously}},
  AUTHOR = {Johansson, F.},
  URL = {https://hal.inria.fr/hal-01336266},
  NOTE = {working paper or preprint},
  YEAR = {2016},
  KEYWORDS = { orthogonal polynomials ;  Bessel functions ;  arbitrary-precision arithmetic ; hypergeometric functions ;  interval arithmetic ;  automatic differentiation},
  PDF = {https://hal.inria.fr/hal-01336266/file/arb_plain.pdf},
  HAL_ID = {hal-01336266},
  HAL_VERSION = {v2},
}

@Article{Johansson2015,
author={Johansson, F.},
title="Rigorous high-precision computation of the Hurwitz zeta function and its derivatives",
journal="Numerical Algorithms",
year="2015",
month="Jun",
day="01",
volume="69",
number="2",
pages="253--270",
abstract="We study the use of the Euler-Maclaurin formula to numerically evaluate the Hurwitz zeta function $\zeta$(s, a) for                                                                                                                     s                      ,                      a                      ∈                      ℂ                                                        {\$}s, a {\backslash}in {\backslash}mathbb {\{}C{\}}{\$}                , along with an arbitrary number of derivatives with respect to s, to arbitrary precision with rigorous error bounds. Techniques that lead to a fast implementation are discussed. We present new record computations of Stieltjes constants, Keiper-Li coefficients and the first nontrivial zero of the Riemann zeta function, obtained using an open source implementation of the algorithms described in this paper.",
issn="1572-9265",
doi="10.1007/s11075-014-9893-1",
url="http://dx.doi.org/10.1007/s11075-014-9893-1"
}



@manual{mpmath,
  key     = {mpmath},
  author  = {The mpmath development team},
  title   = {mpmath: a {P}ython library for arbitrary-precision floating-point arithmetic (version 1.3.0)},
  note    = {{\tt http://mpmath.org/}},
  year    = {2023},
}

@article{Kevlic1971,
    author = {Ke\v{c}li\'{c}, J. D. and Vasi\'{c}, P. M.},
     title = {Some inequalities for the gamma function},
   journal = {Publ. Inst. Math. (Beograd) (N. S.)},
    volume = {11},
      year = {1971},
     pages = {107--114},
}

@book{Lecaine1949,
  title={A Table of Integrals Involving the Functions $En(x)$},
  author={LeCaine, J.},
  series={N.R.C. (National Research Council)},
  url={https://books.google.es/books?id=blUwHAAACAAJ},
  year={1949},
  publisher={National Research Council Canada, Division of Atomic Energy}
}

@misc{Cephes,
    author = {Moshier, S. L.},
    year   = 2000,
    title  = {Cephes mathematical function library},
}

@article{Muller2001,
author = {Muller, K. E.},
title  = {Computing the confluent hypergeometric function, $ {M}(a,b,x)$},
journal= {Numerische Mathematik},
year   = {2001},
volume = {90},
number = {1},
pages  = {179--196},
issn   = {0945-3245},
doi    = {10.1007/s002110100285},
url    = {http://dx.doi.org/10.1007/s002110100285}
}

@article{Daalhuis1992,
   author = {{Olde Daalhuis}, A.~B.},
    title = "{Hyperasymptotic expansions of confluent hypergeometric functions}",
  journal = {IMA Journal of Applied Mathematics},
     year = 1992,
   volume = 49,
    pages = {203--216},
      doi = {10.1093/imamat/49.3.203},
   adsurl = {http://adsabs.harvard.edu/abs/1992JApMa..49..203D},
  adsnote = {Provided by the SAO/NASA Astrophysics Data System}
}

@article{Ooura1991,
author = {Ooura, T. and Mori, M.},
title = "The double exponential formula for oscillatory functions over the half infinite interval",
journal = "Journal of Computational and Applied Mathematics",
volume = "38",
number = "1",
pages = {353--360},
year = "1991",
note = "",
issn = "0377-0427",
doi = "http://dx.doi.org/10.1016/0377-0427(91)90181-I",
url = "http://www.sciencedirect.com/science/article/pii/037704279190181I"
}


@article {Watson1918,
author = {Watson, G. N.},
title = {The Harmonic Functions Associated with the Parabolic Cylinder},
journal = {Proceedings of the London Mathematical Society},
volume = {s2-17},
number = {1},
publisher = {Oxford University Press},
issn = {1460-244X},
url = {http://dx.doi.org/10.1112/plms/s2-17.1.116},
doi = {10.1112/plms/s2-17.1.116},
pages = {116--148},
year = {1918},
}

@INPROCEEDINGS{Hida2001,
author={Y. Hida and X. S. Li and D. H. Bailey},
booktitle={Proceedings 15th IEEE Symposium on Computer Arithmetic. ARITH-15 2001},
title={Algorithms for quad-double precision floating point arithmetic},
year={2001},
pages={155--162},
keywords={floating point arithmetic;object-oriented programming;C++ algorithms;IEEE double precision numbers;quad-double number;quad-double precision floating point arithmetic;significand;unevaluated sum;Computational geometry;Computer science;Cryptography;Floating-point arithmetic;Laboratories;Libraries;Mathematics;Packaging;Physics computing;Uncertainty},
doi={10.1109/ARITH.2001.930115},
ISSN={1063-6889},
month={},}

@article{Navas-Palencia2016,
author="Navas-Palencia, G.
and Arratia, A.",
editor="Greuel, Gert-Martin
and Koch, Thorsten
and Paule, Peter
and Sommese, Andrew",
title="On the Computation of Confluent Hypergeometric Functions for Large Imaginary Part of Parameters $b$ and $z$",
bookTitle="Mathematical Software -- ICMS 2016: 5th International Conference, Berlin, Germany, July 11-14, 2016, Proceedings",
year="2016",
volume = "9725",
publisher="Springer International Publishing",
journal= {Lecture Notes in Computer Science},
pages="241--248",
isbn="978-3-319-42432-3",
doi="10.1007/978-3-319-42432-3_30",
url="http://dx.doi.org/10.1007/978-3-319-42432-3_30"
}

@book{Temme2015,
    author = {Temme, N. M.},
     title = {Asymptotic Methods for Integrals},
    series = {Series in Analysis},
    volume = {6},
 publisher = {World Scientific Publishing Co. Pte. Ltd., Hackensack, NJ},
      year = {2015},
     pages = {xxii+605},
      isbn = {978-981-4612-15-9},
   mrclass = {41A60 (33Cxx 33E20 65D30)},
  mrnumber = {3328507},
     zblno = {1312.41002}}

@book{Temme1996,
    author = {Temme, N. M.},
     title = {Special Functions: An Introduction to Classical Functions of Mathematical Physics},
 publisher = {John Wiley and Sons},
      year = {1996}
}


@article{Temme1978,
    author = {Temme, N. M.},
     title = {Uniform asymptotic expansions of confluent hypergeometric
              functions},
   journal = {J. Inst. Math. Appl.},
  fjournal = {Journal of the Institute of Mathematics and its Applications},
    volume = {22},
      year = {1978},
    number = {2},
     pages = {215--223},
      issn = {0020-2932},
     coden = {JMTAA8},
   mrclass = {33A30},
  mrnumber = {MR0509160 (80a:33004)},
 mrreviewer = {F. W. J. Olver},
       doi = {10.1093/imamat/22.2.215},
     zblno = {0398.33004}}

@article{Temme1983,
    author = {Temme, N. M.},
     title = {Uniform asymptotic expansions for Laplace integrals},
   journal = {Analysis},
    volume = {3},
      year = {1983},
     pages = {221--249}
}

@article{Temme1985,
 author = {Temme, N. M.},
 title = {Laplace type integrals: Transformations to standard form and uniform asymptotic expansions},
 journal = {Quarterly of Applied Mathematics},
 number = {1},
 pages = {103--123},
 publisher = {Brown University},
 volume = {43},
 year = {1985}
}


@incollection{Temme1994,
    author = {Temme, N. M.},
    editor = {Zahar, R. V. M.},
     title = {Computational aspects of incomplete gamma functions with large
              complex parameters},
 booktitle = {Approximation and Computation. A Festschrift in Honor
              of Walter Gautschi.},
    series = {International Series of Numerical Mathematics},
    volume = {119},
     pages = {551--562},
 publisher = {Birkh\"auser Boston},
   address = {Boston, MA},
      year = {1994},
   mrclass = {65D20 (33B15)},
  mrnumber = {MR1333643 (96c:65035)},
     links = {\URL[FullText]{http://repository.cwi.nl:8888/cwi_repository/docs/I/02/2239A.pdf}},
     zblno = {0821.65006}}

@article{Jones2005,
title = "The generalized Goodwin-Staton integral",
keywords = "Primary 30E15, Goodwin–Staton integral, Asymptotics, Stieltjes transform",
author = "Jones, {D. S.}",
note = "dc.publisher: Cambridge University Press",
year = "2005",
doi = "10.1017/S0013091504001087",
volume = "48",
pages = "635--650",
journal = "Journal of Engineering Mathematics",
issn = "0022-0833",
number = "3",
}

@article{Richie1950,
 ISSN = {08916837},
 URL = {http://www.jstor.org/stable/2002771},
 author = {R. H. Ritchie},
 journal = {Mathematical Tables and Other Aids to Computation},
 number = {30},
 pages = {75--77},
 publisher = {American Mathematical Society},
 title = {On a Definite Integral},
 volume = {4},
 year = {1950}
}

@article{MacLeod1996,
 author = {MacLeod, A. J.},
 title = {Algorithm 757: MISCFUN, a Software Package to Compute Uncommon Special Functions},
 journal = {ACM Trans. Math. Softw.},
 issue_date = {Sept. 1996},
 volume = {22},
 number = {3},
 year = {1996},
 issn = {0098-3500},
 pages = {288--301},
 numpages = {14},
 url = {http://doi.acm.org/10.1145/232826.232846},
 doi = {10.1145/232826.232846},
 acmid = {232846},
 publisher = {ACM},
 address = {New York, NY, USA},
 keywords = {Chebyshev polynomials, special functions},
} 

@article{Boese1972,
 author = {Boese, G.},
 journal = {Z. Angew. Math. Mech.},
 number = {52},
 pages = {552--553},
 title = {Eine majorante asymptotische {A}bsch{\"a}tzung f{\"u}r die unvollst{\"a}ndige {G}ammafunktion},
 year = {1972}
}

@Article{Navas-Palencia2018a,
author="Navas-Palencia, G.",
title="Fast and accurate algorithm for the generalized exponential integral ${E}_{\nu}(x)$ for positive real order",
journal="Numerical Algorithms",
year="2018",
pages="603-630",
volume="77",
number="2",
abstract="We describe an algorithm for the numerical evaluation of the generalized exponential integral E$\nu$(x) for positive values of $\nu$ and x. A detailed description of the numerical methods used in the algorithm is provided, including error bounds. Different approaches from earlier algorithms are also summarised. The performance and accuracy of the resulting algorithm is analysed and compared with open-source software packages. This analysis shows that our implementation is competitive and more robust than other state-of-the-art codes. Finally, a brief study of the implementation of E$\nu$(x) in arbitrary-precision arithmetic is discussed.",
issn="1572-9265",
doi="10.1007/s11075-017-0331-z",
url="http://dx.doi.org/10.1007/s11075-017-0331-z"
}

@Article{Navas-Palencia2018b,
author="Navas-Palencia, G.",
title="High-precision computation of the confluent hypergeometric functions via {F}ranklin-{F}riedman expansion",
journal="Advances in Computational Mathematics",
year="2018",
volume="44",
number="3",
pages="841--859",
abstract="We present a method of high-precision computation of the confluent hypergeometric functions using an effective computational approach of what we termed Franklin-Friedman expansions. These expansions are convergent under mild conditions of the involved amplitude function and for some interesting cases the coefficients can be rapidly computed, thus providing a viable alternative to the conventional dichotomy between series expansion and asymptotic expansion. The present method has been extensively tested in different regimes of the parameters and compared with recently investigated convergent and uniform asymptotic expansions.",
issn="1572-9044",
doi="10.1007/s10444-017-9565-5",
url="https://doi.org/10.1007/s10444-017-9565-5"
}



@article{Flajolet1995,
 author = {Flajolet, P. and Sedgewick, R.},
 journal = {Theoretical Computer Science},
 number = {144},
 pages = {101--124},
 title = {Mellin transforms and asymptotics: Finite differences and {R}ice's integrals},
 year = {1995}
}

@article{Coffey2007,
 author = {Coffey, W. M. },
 journal = {Util. Math.},
 title = {A set of identities for a class of alternating binomial sums arising in computing applications},
 url = {https://arxiv.org/pdf/math-ph/0608049.pdf},
 year = {2007}
}

@book{Brujin1970,
  title={Asymptotic Methods in Analysis},
  author={de Bruijn, N.G.},
  isbn={9780486642215},
  lccn={81068484},
  series={Bibliotheca mathematica},
  url={https://books.google.es/books?id=\_tnwmvHmVwMC},
  year={1970},
  publisher={Dover Publications}
}

@article{Berend2010,
  Author = {Berend, D. and Tassa, T.},
  Title = {Improved bounds on Bell numbers and on moments of sums of random variables},
  Journal = {Probability and Mathematical Statistics},
  Volume = {30},
  Number = {2},
  Year = {2010},
  Pages = {185--205},
  Keywords = {Binomial distribution, Stirling numbers, Poisson distribution, bounds on moments}
}

@article{franklinfriedman1957, 
  title={A convergent asymptotic representation for integrals}, 
  volume={53}, DOI={10.1017/S0305004100032667}, 
  number={3}, 
  journal={Mathematical Proceedings of the Cambridge Philosophical Society}, 
  publisher={Cambridge University Press}, 
  author={Franklin, J. and Friedman, B.}, 
  year={1957}, 
  pages={612--619}
}

@Article{Rubinstein2013,
author="Rubinstein, M. O.",
title="Identities for the Hurwitz zeta function, Gamma function, and L-functions",
journal="The Ramanujan Journal",
year="2013",
volume="32",
number="3",
pages="421--464",
abstract="We derive several identities for the Hurwitz and Riemann zeta functions, the Gamma function, and Dirichlet L-functions. They involve a sequence of polynomials $\alpha$                                          k                (s) whose study was initiated in Rubinstein (Ramanujan J. 27(1): 29--42, 2012). The expansions given here are practical and can be used for the high precision evaluation of these functions, and for deriving formulas for special values. We also present a summation formula and use it to generalize a formula of Hasse.",
issn="1572-9303",
doi="10.1007/s11139-013-9468-0",
url="http://dx.doi.org/10.1007/s11139-013-9468-0"
}

@MastersThesis{Pearson2009,
author= {Pearson, J.},
title={Computation of Hypergeometric Functions},
school={University of Oxford},
year={2009},
}

@Article{Pearson2017,
author="Pearson, John W.
and Olver, Sheehan
and Porter, Mason A.",
title="Numerical methods for the computation of the confluent and Gauss hypergeometric functions",
journal="Numerical Algorithms",
year="2017",
volume="74",
number="3",
pages="821--866",
issn="1572-9265",
doi="10.1007/s11075-016-0173-0",
url="http://dx.doi.org/10.1007/s11075-016-0173-0"
}

@article{Huybrechs2006,
  author    = {Huybrechs, D. and Vandewalle, S.},
  title     = {On the Evaluation of Highly Oscillatory Integrals by Analytic Continuation},
  journal   = {{SIAM} J. Numerical Analysis},
  volume    = {44},
  number    = {3},
  pages     = {1026--1048},
  year      = {2006},
  url       = {http://dx.doi.org/10.1137/050636814},
  doi       = {10.1137/050636814},
  timestamp = {Fri, 25 Mar 2011 19:33:21 +0100},
  biburl    = {http://dblp.uni-trier.de/rec/bib/journals/siamnum/HuybrechsV06},
  bibsource = {dblp computer science bibliography, http://dblp.org}
}

@MastersThesis{Navas-Palencia_thesis2016,
author= {Navas-Palencia, G.},
title={Portfolio Credit Risk: Models and Numerical Methods},
school={Universitat Polit\`{e}cnica de Catalunya},
year={2016}
}

@article{Nardin1992_1,
author = {Nardin, M. Perger, W. F. and Bhalla, A.},
title = {Algorithm 707. CONHYP : A numerical evaluator of the confluent hypergeometric function for complex arguments of large magnitudes},
journal={ACM Trans. Math. Software},
volume={18},
pages={345--349},
year={1992}
}

@article{Nardin1992_2,
author = {Nardin, M. Perger, W. F. and Bhalla, A.},
title = {Numerical evaluation of the confluent hypergeometric function for complex arguments of large magnitudes},
journal={J. Comput. Appl. Math.},
volume={39},
pages={193--200},
year={1992}
}

@book{Zhang1996,
    author = {Zhang, S. and Jin, J.},
     title = {Computation of special functions},
 publisher = {John Wiley \& Sons Inc.},
   address = {New York},
      year = {1996}
}

@article{Gil2017,
author={Dunster, T.M. and Gil, A. and Segura, J.},
title={Uniform asymptotic expansions for Laguerre polynomials and related confluent hypergeometric functions},
year={2017}
}

@article{Gil2015,
title = "Computing the Kummer function ${U}(a, b, z)$ for small values of the arguments ",
journal = "Applied Mathematics and Computation ",
volume = "271",
number = "",
pages = "532 - 539",
year = "2015",
note = "",
issn = "0096-3003",
doi = "https://doi.org/10.1016/j.amc.2015.09.047",
url = "http://www.sciencedirect.com/science/article/pii/S0096300315012837",
author    = {Gil, A. and Segura, J. and Temme, N. M.},
keywords = "Kummer function",
keywords = "Numerical computation",
keywords = "Asymptotic approximation",
keywords = "Power series ",
abstract = "Abstract We describe methods for computing the Kummer function U(a, b, z) for small values of z, with special attention to small values of b. For these values of b the connection formula that represents U(a, b, z) as a linear combination of two 1F1-functions needs a limiting procedure. We use the power series of the 1F1-functions and consider the terms for which this limiting procedure is needed. We give recursion relations for higher terms in the expansion, and we consider the derivative U′(a, b, z) as well. We also discuss the performance for small |z| of an asymptotic approximation of the Kummer function in terms of modified Bessel functions. "
}

@article{Paris2009,
title = "High-precision evaluation of the Bessel functions via Hadamard series ",
journal = "Journal of Computational and Applied Mathematics ",
volume = "224",
number = "1",
pages = "84 - 100",
year = "2009",
note = "",
issn = "0377-0427",
doi = "https://doi.org/10.1016/j.cam.2008.04.025",
url = "http://www.sciencedirect.com/science/article/pii/S0377042708001799",
author = "R.B. Paris",
keywords = "Hadamard series",
keywords = "Hyperasymptotics",
keywords = "Bessel functions",
keywords = "Confluent hypergeometric functions ",
abstract = "We present a method of high-precision calculation of the Bessel functions using Hadamard series. Such series are absolutely convergent expansions involving the normalised incomplete gamma function P ( a , z ) = γ ( a , z ) / Γ ( a ) and possess early terms that behave like those in an asymptotic expansion. In the case of real variables the function P ( a , z ) acts as a smoothing factor on the terms of the series. We show how these series representing the Bessel functions of complex argument can be chosen so as to produce rapidly convergent series that possess terms decaying at the geometric rate ϑ k , where 0 &lt; ϑ &lt; 1 and k is the ordinal number of the series. We give numerical examples with ϑ = 1 2 , 1 3 and 1 4 . The theory is extended to cover the confluent hypergeometric functions F 1 1 ( a ; b ; z ) and U ( a , b , z ) , thereby dealing with many of the special functions arising in mathematical physics. "
}

@article{Paris2016,
author = {Paris, R. B.},
title  = {The {S}tokes phenomenon and the {L}erch zeta function},
journal= {Mathematica Aeterna},
year   = {2016},
volume = {6},
number = {2},
pages  = {165--179},
}

@article{Olver1991,
    author = {Olver, F. W. J.},
     title = {Uniform, exponentially improved, asymptotic expansions for the
              confluent hypergeometric function and other integral
              transforms},
   journal = {SIAM J. Math. Anal.},
  fjournal = {SIAM Journal on Mathematical Analysis},
    volume = {22},
      year = {1991},
    number = {5},
     pages = {1475–1489},
      issn = {0036-1410},
     coden = {SJMAAH},
   mrclass = {41A60 (33C15)},
  mrnumber = {MR1112521 (92g:41035)},
 mrreviewer = {Hans-J{\"u}rgen Glaeske},
       doi = {10.1137/0522095},
     zblno = {0738.41030}
}

@article{OldeDaalhuis1995,
    author = {{Olde Daalhuis}, A. B. and Olver, F. W. J.},
     title = {Hyperasymptotic solutions of second-order linear differential
              equations. {I}},
   journal = {Methods Appl. Anal.},
  fjournal = {Methods and Applications of Analysis},
    volume = {2},
      year = {1995},
    number = {2},
     pages = {173–197},
      issn = {1073-2772},
   mrclass = {34E05 (33B20 33C10 34A20)},
  mrnumber = {MR1350895 (96h:34106)},
 mrreviewer = {A. D. Wood},
     links = {\URL[FullText]{http://www.intlpress.com/MAA/p/1995/2_2/MAA-2-2-173-197.pdf}},
     zblno = {0847.34060}}

@software{Mathematica,
  author = {{Wolfram Research, Inc.}},
  title = {Mathematica 10},
  url = {https://www.wolfram.com},
  date = {2016},
}

@article{arb,
  title={{A}rb: a {C} library for ball arithmetic},
  author={F. Johansson},
  journal={ACM Communications in Computer Algebra},
  volume={47},
  number={4},
  pages={166--169},
  year={2013},
  publisher={ACM}
}
@Misc{scipy,
  author =    {Jones, E. and Oliphant, T. and Peterson, P. and others},
  title =     {{SciPy}: Open source scientific tools for {Python}},
  year =      {2001--},
  url = "http://www.scipy.org/"
}

@Article{Guillera2008,
author={Guillera, J. and Sondow, J.},
title="Double integrals and infinite products for some classical constants via analytic continuations of Lerch's transcendent",
journal="The Ramanujan Journal",
year="2008",
month="Aug",
day="01",
volume="16",
number="3",
pages="247--270",
issn="1572-9303",
doi="10.1007/s11139-007-9102-0",
url="http://dx.doi.org/10.1007/s11139-007-9102-0"
}

@article{Ferreira2004,
title = "Asymptotic expansions of the {H}urwitz–-{L}erch zeta function",
journal = "Journal of Mathematical Analysis and Applications",
volume = "298",
number = "1",
pages = "210--224",
year = "2004",
note = "",
issn = "0022-247X",
doi = "http://dx.doi.org/10.1016/j.jmaa.2004.05.040",
url = "http://www.sciencedirect.com/science/article/pii/S0022247X04003920",
author = {Ferreira, C. and L\'{o}pez, J. L.},
keywords = "Hurwitz–Lerch zeta function",
keywords = "Analytic continuation",
keywords = "Asymptotic expansions"
}

@article{Lerch1887,
    author = {Lerch, M.},
     title = {Note sur la fonction $\mathfrak{K}(w,x,s) =
              \sum_{k=0}^\infty \frac{e^{2 k \pi i x}}{(w+k)^s}$},
   journal = {Acta Math.},
  fjournal = {Acta Mathematica},
    volume = {11},
      year = {1887},
    number = {1-4},
     pages = {19–24},
  language = {French},
      issn = {0001-5962},
     coden = {ACMAA8},
   mrclass = {Contributed Item},
  mrnumber = {MR1554747},
       doi = {10.1007/BF02418041},
     zblno = {19.0438.01}}

@article{Lipschitz1857,
    author = {Lipschitz, R.},
     title = {{U}ntersuchung einer aus vier {E}lementen gebildeten {R}eihe.},
   journal = {J. Reine Angew. Math.},
  fjournal = {Journal für die reine und angewandte Mathematik},
    volume = {54},
      year = {1857},
     pages = {313-328},
}

@book{Laurincikas2002,
  title={The Lerch zeta-function},
  author={Laurincikas, A. and Garunkstis, R.},
  isbn={9781402010149},
  lccn={2002040744},
  url={https://books.google.es/books?id=YnT-KG46VTYC},
  year={2002},
  publisher={Springer}
}

@book{Erdelyi1953,
    author = {Erd{\'e}lyi, A. and Magnus, W. and Oberhettinger,
              F. and Tricomi, F. G.},
     title = {Higher Transcendental Functions. {V}ol. {I}},
 publisher = {McGraw-Hill Book Company, Inc.},
   address = {New York-Toronto-London},
      year = {1953},
     pages = {xxvi+302},
   mrclass = {33.0X},
  mrnumber = {MR0058756 (15,419i)},
 mrreviewer = {E. T. Copson},
     zblno = {0051.30303}}
     
@article{apostol1951,
author = "Apostol, T. M.",
fjournal = "Pacific Journal of Mathematics",
journal = "Pacific J. Math.",
number = "2",
pages = "161--167",
publisher = "Pacific Journal of Mathematics, A Non-profit Corporation",
title = "On the Lerch zeta function.",
url = "https://projecteuclid.org:443/euclid.pjm/1103052188",
volume = "1",
year = "1951"
}

@article{Griffin1997,
  title = {Hydrodynamic Modes in a Trapped {B}ose Gas above the {B}ose-{E}instein Transition},
  author = {Griffin, A. and Wu, Wen-Chin and Stringari, S.},
  journal = {Phys. Rev. Lett.},
  volume = {78},
  issue = {10},
  pages = {1838--1841},
  numpages = {0},
  year = {1997},
  month = {Mar},
  publisher = {American Physical Society},
  doi = {10.1103/PhysRevLett.78.1838},
  url = {https://link.aps.org/doi/10.1103/PhysRevLett.78.1838}
}

@article{Jentschura1997,
  title = {Lamb shift of 3$P$ and 4$P$ states and the determination of $\ensuremath{\alpha}$},
  author = {Jentschura, U. D. and Soff, G. and Mohr, P. J.},
  journal = {Phys. Rev. A},
  volume = {56},
  issue = {3},
  pages = {1739--1755},
  numpages = {0},
  year = {1997},
  month = {Sep},
  publisher = {American Physical Society},
  doi = {10.1103/PhysRevA.56.1739},
  url = {https://link.aps.org/doi/10.1103/PhysRevA.56.1739}
}

@article{Jentschura1999,
title = "Convergence acceleration via combined nonlinear-condensation transformations",
journal = "Computer Physics Communications",
volume = "116",
number = "1",
pages = "28 - 54",
year = "1999",
issn = "0010-4655",
doi = "https://doi.org/10.1016/S0010-4655(98)00111-8",
url = "http://www.sciencedirect.com/science/article/pii/S0010465598001118",
author = "U. D. Jentschura and P. J. Mohr and G. Soff and E. J. Weniger"
}

@article{Fewster2014,
author = {Fewster, C. J. and Siemssen, D.},
year = {2014},
month = {10},
title = {Enumerating Permutations by their Run Structure},
volume = {21},
journal = {The electronic journal of combinatorics}
}

@InProceedings{OEIS,
author="Sloane, N. J. A.",
title="The {On}-{L}ine {E}ncyclopedia of {I}nteger {S}equences",
url="https://oeis.org/"
}

@article{Stembridge1997,
 ISSN = {00029947},
 URL = {http://www.jstor.org/stable/2155395},
 abstract = {An (ordinary) P-partition is an order-preserving map from a partially ordered set to a chain, with special rules specifying where equal values may occur. Examples include number-theoretic partitions (ordered and unordered, strict or unrestricted), plane partitions, and the semistandard tableaux associated with Schur's S-functions. In this paper, we introduce and develop a theory of enriched P-partitions; like ordinary P-partitions, these are order-preserving maps from posets to chains, but with different rules governing the occurrence of equal values. The principal examples of enriched P-partitions given here are the tableaux associated with Schur's Q-functions. In a sequel to this paper, further applications related to commutation monoids and reduced words in Coxeter groups will be presented.},
 author = {J. R. Stembridge},
 journal = {Transactions of the American Mathematical Society},
 number = {2},
 pages = {763-788},
 publisher = {American Mathematical Society},
 title = {Enriched P-Partitions},
 volume = {349},
 year = {1997}
}

@article{Zhuang2016,
title = "Counting permutations by runs",
journal = "Journal of Combinatorial Theory, Series A",
volume = "142",
pages = "147 - 176",
year = "2016",
issn = "0097-3165",
doi = "https://doi.org/10.1016/j.jcta.2016.04.002",
url = "http://www.sciencedirect.com/science/article/pii/S0097316516300048",
author = "Y. Zhuang",
keywords = "Permutations, Increasing runs, Peaks, Valleys, Noncommutative symmetric functions"
}

@book{Cohen2007,
    author = {Cohen, H.},
     title = {Number Theory - Vol II: Analytic and Modern Tools},
 publisher = {Springer-Verlag - Graduate Texts in Mathematics 240},
      year = {2007}}

@article{Costin2009,
  title={Resurgence of the Fractional Polylogarithms},
  author={O. Costin and S. Garoufalidis},
  url = {https://arxiv.org/pdf/math/0701743.pdf},
  year={2009}
}

@Manual{GMP,
 title = 	 "{GNU MP}: {T}he {GNU} {M}ultiple {P}recision
		  {A}rithmetic {L}ibrary",
 author = "Torbjörn Granlund and {the GMP development team}",
 note = "\url{http://gmplib.org/}"
 }

@article{MPFR,
 author = {Fousse, Laurent and Hanrot, Guillaume and Lef\`{e}vre, Vincent and P{\'e}lissier, Patrick and Zimmermann, Paul},
 title = {MPFR: A Multiple-precision Binary Floating-point Library with Correct Rounding},
 journal = {ACM Trans. Math. Softw.},
 issue_date = {June 2007},
 volume = {33},
 number = {2},
 month = jun,
 year = {2007},
 issn = {0098-3500},
 articleno = {13},
 url = {http://doi.acm.org/10.1145/1236463.1236468},
 doi = {10.1145/1236463.1236468},
 acmid = {1236468},
 publisher = {ACM},
 address = {New York, NY, USA},
 keywords = {IEEE 754 standard, Multiple-precision arithmetic, correct rounding, elementary function, floating-point arithmetic, portable software},
}

@manual {MPC,
   author       = {Andreas Enge and Micka\"el Gastineau and
                   Philippe Th\'eveny and Paul Zimmermann},
   title        = {mpc --- A library for multiprecision complex
                   arithmetic with exact rounding},
   organization = {INRIA},
   edition      = {1.0.3},
   year         = {2015},
   month        = feb,
   note         = {\url{http://mpc.multiprecision.org/}}
}


@book{Graham1994,
 author = {Graham, R. L. and Knuth, D. E. and Patashnik, O.},
 title = {Concrete Mathematics: A Foundation for Computer Science},
 year = {1994},
 isbn = {0201558025},
 edition = {2nd},
 publisher = {Addison-Wesley Longman Publishing Co., Inc.},
 address = {Boston, MA, USA},
} 

@phdthesis{Prause1999,
 title = {{The Generalized Hyperbolic Model: Estimation, Financial Derivatives, and Risk Measures}},
 author = {Prause, K.},
 year = {1999},
 school = {University of Freiburg}
}

@article{Kalemanova2007,
author={Kalemanova, A. and Schmid, B. and Werner, R.},
title={{The Normal Inverse Gaussian Distribution for Synthetic CDO Pricing}},
journal={The Journal of Derivatives},
volume=14,
number=3,
pages={80--94},
year={2007}
}

@article{Madan1990,
author={Madan, D. B. and Seneta, E.},
title={{The Variance Gamma (V.G.) Model for Share Market Returns}},
journal={The Journal of Business},
volume=63,
number=4,
pages={511--524},
year={1990}
}

@article{Benth2004,
 author={Benth, F. E. and \v{S}altyte-Benth, J.},
 title={{The Normal Inverse Gaussian distribution and spot price modelling in energy markets}},
journal = {International Journal of Theoretical and Applied Finance},
volume = {07},
number = {02},
pages = {177-192},
year = {2004}, 
}

@article{Barndorff1997,
 author = {Barndorff-Nielsen, O. E.},
 journal = {Scandinavian Journal of Statistics},
 number = {1},
 pages = {1--13},
 title = {{Normal Inverse Gaussian Distributions and Stochastic Volatility Modelling}},
 volume = {24},
 year = {1997}
}

@article{Barry2004,
  author={Barry, D. A. and Li, L. and Jeng, D.-S.},
  journal={IEEE Transactions on Signal Processing}, 
  title={{Comments on ``numerical evaluation of the Lambert W function and application to generation of generalized Gaussian noise with exponent 1/2"}}, 
  year={2004},
  volume={52},
  number={5},
  pages={1456--1457},
}

@article{Hoorfar2008,
author = {Hoorfar, A. and Hassani, M.},
journal = {JIPAM. Journal of Inequalities in Pure \& Applied Mathematics},
number = {2},
publisher = {Victoria University, School of Communications and Informatics},
title = {{Inequalities on the Lambert function and hyperpower function}},
volume = {9},
year = {2008}
}

@book{Paolella2007,
 author = {Paolella, M. S.},
 title = {Intermediate Probability: A Computational Approach},
 year = {2007},
 isbn = {9780470026373},
 publisher = {John Wiley \& Sons, Ltd}
} 

@article{Cody1993,
  author       = {Cody, W. J.},
  title        = {{Algorithm 715 : SPECFUN - a portable package of special function routines and test drivers.}},
  annote       = {SPECFUN is a package containing transportable FORTRAN special function programs for real arguments and accompanying test drivers. Components include Bessel functions, exponential integrals, error functions and related functions, and gamma functions and related functions.},
  doi          = {10.1145/151271.151273},
  url          = {https://www.osti.gov/biblio/937608},
  journal      = {ACM Trans. Math. Software},
  number       = {1},
  volume       = {19},
  year         = {1993},
  }

@article{Xue2018,
	author = {Xue, C. and Deng, S.},
	title = {{Recursive Computation of Logarithmic Derivatives, Ratios, and Products of Spheroidal Harmonics and Modified Bessel Functions and Applications}},
	journal = {Journal of Scientific Computing},
	pages = {128--156},
	year = {2018},
	volume = {75}
}

@book{QUADPACK,
  title={{QUADPACK: A Subroutine Package for Automatic Integration}},
  author={Piessens, R. and de Doncker-Kapenga, E. and {\"U}berhuber, C.W. and Kahaner, D.K.},
  isbn={9783642617867},
  lccn={83010359},
  series={Springer Series in Computational Mathematics},
  url={https://books.google.es/books?id=ctL6CAAAQBAJ},
  year={1983},
  publisher={Springer-Verlag}
}

@article{Takahasi1973,
	author = {Takahasi, H. and Mori, M.},
	title = {{Double Exponential Formulas for Numerical Integration}},
	journal = {Publications of the Research Institute for Mathematical Sciences},
	volume = {9},
	pages = {721--741},
	year = 1973
}

@inproceedings{Bailey2006TanhSinhHQ,
  title={{Tanh-Sinh High-Precision Quadrature}},
  author={Bailey, D. H.},
  year={2006},
  url={https://api.semanticscholar.org/CorpusID:1700605}
}

@INPROCEEDINGS{Simpson2016,
  author={Simpson, M. C. and Yi, Q. and Kalita, J.},
  booktitle={2016 15th IEEE International Conference on Machine Learning and Applications (ICMLA)}, 
  title={Automatic Algorithm Selection in Computational Software Using Machine Learning}, 
  year={2016},
  volume={},
  number={},
  pages={355-360}
 }
  
@phdthesis{Navas-Palencia2019,
 	title = {{High-precision Computation of Uniform Asymptotic Expansions for Special Functions}},
 	author = {Navas-Palencia, G.},
 	school = {Universitat Polit\`{e}cnica de Catalunya},
 	year = {2019},
 	type = {PhD thesis}
 }